<?xml version="1.0" encoding="UTF-8"?><record xmlns="http://www.loc.gov/MARC21/slim" xmlns:cinclude="http://apache.org/cocoon/include/1.0" xmlns:zs="http://www.loc.gov/zing/srw/">
  <leader>00599cz  a2200145n  4500</leader>
  <controlfield tag="001">n  86046436 </controlfield>
  <controlfield tag="003">DLC</controlfield>
  <controlfield tag="005">19930323145610.7</controlfield>
  <controlfield tag="008">870730n| acannaab|          |a aaa |||  </controlfield>
  <datafield tag="010" ind1=" " ind2=" ">
    <subfield code="a">n  86046436 </subfield>
  </datafield>
  <datafield tag="040" ind1=" " ind2=" ">
    <subfield code="a">DLC</subfield>
    <subfield code="c">DLC</subfield>
    <subfield code="d">ICRL</subfield>
  </datafield>
  <datafield tag="100" ind1="1" ind2="0">
    <subfield code="a">Korobanova, I. G.</subfield>
  </datafield>
  <datafield tag="400" ind1="1" ind2="0">
    <subfield code="a">Korobanova, Irina Grigorʹevna</subfield>
  </datafield>
  <datafield tag="670" ind1=" " ind2=" ">
    <subfield code="a">Inzhenerno-geologicheskie osobennosti ėli︠u︡vii︠a︡ ... 1986:</subfield>
    <subfield code="b">t.p. (doktor geologo-mineralogicheskikh nauk I. G. Korobanova)</subfield>
  </datafield>
  <datafield tag="670" ind1=" " ind2=" ">
    <subfield code="a">OCLC 24934639: Her Formirov. inzhenerno-geologicheskikh svoĭstv terrigennoĭ format︠s︡ii, 1970</subfield>
    <subfield code="b">(hdg.: Korobanova, Irina Grigorʹevna)</subfield>
  </datafield>
</record>